@book{balzert1996a,
  added-at = {2012-10-14T12:55:41.000+0200},
  address = {Heidelberg, Germany},
  annote = {Dieser Titel ist der erste Band des zweibaendigen {"}Lehrbuchs der                       Softwaretechnik{"}. In diesem Band wird Software-Entwicklung                       behandelt. Dabei werden die einzelnen Abschnitte bzw. Phasen der             },
  author = {Balzert, Helmut},
  biburl = {http://www.bibsonomy.org/bibtex/226ea55aa158a295970ba012e93d093bf/funthomas424242},
  description = {Lehrbuch der Software-Technik: Teil 1: Software-Entwicklung},
  descriptor = {Software-Entwicklung},
  interhash = {19dfa7b4af1e1875638df768f6416616},
  intrahash = {26ea55aa158a295970ba012e93d093bf},
  isbn = {3-8274-0042-2},
  keywords = {balzert softwaretest},
  publisher = {Spektrum Akademischer Verlag},
  title = {Lehrbuch der Software-Technik: Teil 1: Software-Entwicklung},
  year = 1996
}

@book{microsoft1995windows,
  title={The Windows interface guidelines for software design},
  author={Microsoft Press},
  isbn={9781556156793},
  lccn={95000330},
  series={Microsoft professional reference},
  url={http://books.google.de/books?id=OshQAAAAMAAJ},
  year={1995},
  publisher={Microsoft Press}
}

@book{Balzert09,
  abstract = {Die Softwaretechnik bildet einen Grundpfeiler der Informatik. Jede Softwareentwicklung basiert auf Prinzipien, Methoden und Werkzeugen. Mit Basiskonzepten kann die Statik, Dynamik und Logik von Softwaresystemen beschrieben und modelliert werden. Die Anforderungen an ein neues Softwareprodukt zu ermitteln, zu spezifizieren, zu analysieren, zu validieren und daraus eine fachliche L{\"o}sung abzuleiten bzw. ein Produktmodell zu entwickeln, geh{\"o}rt mit zu den anspruchsvollsten Aufgaben innerhalb der Softwaretechnik. Dieser Band des dreiteiligen Lehrbuchs der Softwaretechnik vermittelt in systematischer und klassifizierender Art und Weise die Basistechniken und die Basiskonzepte der Softwareentwicklung und beschreibt die Aktivit{\"a}ten, Artefakte und Methoden des Requirements Engineering.},
  added-at = {2012-05-30T11:04:11.000+0200},
  address = {Heidelberg},
  author = {Balzert, Helmut},
  biburl = {http://www.bibsonomy.org/bibtex/2ac2443d87bea7fadc0510480f09a0132/flint63},
  doi = {10.1007/978-3-8274-2247-7},
  edition = {3.},
  file = {Springer Product page:http\://www.springer.com/978-3-8274-1705-3:URL;Amazon Search inside:http\://www.amazon.de/gp/reader/3827417058/:URL},
  groups = {public},
  interhash = {c25f0a2b873cdb0e02032ad579e5bc29},
  intrahash = {ac2443d87bea7fadc0510480f09a0132},
  isbn = {978-3-8274-1705-3},
  keywords = {v1205 book software engineering development requirements},
  publisher = {Spektrum},
  timestamp = {2012-05-30T11:04:11.000+0200},
  title = {Lehrbuch der Software-Technik: Basiskonzepte und Requirements Engineering},
  username = {flint63},
  year = 2009
}

@online{UniRos12,
author = {Lehrstuhl f체r Softwaretechnik},
title = {Qualit채tsmerkmale},
year = {2012},
url = {http://www.informatik.uni-rostock.de/2685.html},
OPTurldate = {07.11.2012},
}

@online{UniRos12,
author = {Lehrstuhl f체r Softwaretechnik},
title = {Gliederungsschema eines Pflichtenheftes (1. Auflage)},
year = {2012},
url = {http://www.informatik.uni-rostock.de/2683.html},
OPTurldate = {07.11.2012},
}


@online{UniRos12,
author = {Lehrstuhl f체r Softwaretechnik},
title = {Gliederungsschema eines Pflichtenheftes (2. Auflage)},
year = {2012},
url = {http://www.informatik.uni-rostock.de/2684.html},
OPTurldate = {07.11.2012},
}

@online{Schae12,
author = {Ina Schaefer - TU Braunschweig},
title = {Pflichtenheft - Software Engineering I - WS2011/2012},
year = {2012},
url = {https://www.tu-braunschweig.de/Medien-DB/isf/sse/pflichtenheft11.pdf},
OPTurldate = {07.11.2012},
}


@online{Jurij07,
author = {Jurij Kormilez},
title = {2.2 Pflichtenheft},
year = {14.11.2007},
url = {http://www.struts-webanwendung.de/22-pflichtenheft-benutzeroberflche-nicht-funktionale-anforderungen-technische-produktumgebung-anforderungen-an-entwicklungsumgebung-gliederung-der-teilprodukte-ergnzungen/},
OPTurldate = {07.11.2012},
}